@article{Chainikova,
author = {Chainikova, Ekaterina M. and Yusupova, Alfia R. and Khursan, Sergey L. and Teregulova, Aigul N. and Lobov, Alexander N. and Abdullin, Marat F. and Enikeeva, Leniza V. and Gubaydullin, Irek M. and Safiullin, Rustam L.},
title = {Interplay of Conformational and Chemical Transformations of Ortho-Substituted Aromatic Nitroso Oxides: Experimental and Theoretical Study},
journal = {The Journal of Organic Chemistry},
volume = {82},
number = {15},
pages = {7750-7763},
year = {2017},
doi = {10.1021/acs.joc.7b00537},
eprint = { https://doi.org/10.1021/acs.joc.7b00537    }
}


@article{ENIKEEV2020123131,
title = {Analysis of corrosion processes kinetics on the surface of metals},
journal = {Chemical Engineering Journal},
volume = {383},
pages = {123131},
year = {2020},
issn = {1385-8947},
doi = {10.1016/j.cej.2019.123131},
author = {M.R. Enikeev and D.I. Potemkin and L.V. Enikeeva and A.R. Enikeev and M.A. Maleeva and P.V. Snytnikov and I.M. Gubaydullin},
keywords = {Corrosion of metals, Kinetic model, Inverse problems of chemical kinetics, Impedance studies, Information and analytical system},
}

@Article{
Uskov_cat,
AUTHOR = {Uskov, S.I. and  Enikeeva, L.V. and Potemkin, D. I. and Belyaev, V. D. and Snytnikov, P.V. and Gubaidullin, I.M. and  Kirillov, V. A. and  Sobyanin, V. A.},
TITLE = {Kinetics of low-temperature steam reforming of propane in a methane excess on a Ni-based catalyst},
JOURNAL = {Catalysis in Industry},
VOLUME = {9},
YEAR = {2017},
pages = {104 -- 109},
DOI = {10.1134/S2070050417020118}
}

@Article{
Uskov_en,
AUTHOR = {Uskov, Sergey I. and Potemkin, Dmitriy I. and Enikeeva, Leniza V. and Snytnikov, Pavel V. and Gubaydullin, Irek M. and Sobyanin, Vladimir A.},
TITLE = {Propane Pre-Reforming into Methane-Rich Gas over Ni Catalyst: Experiment and Kinetics Elucidation via Genetic Algorithm},
JOURNAL = {Energies},
VOLUME = {13},
YEAR = {2020},
NUMBER = {13},
ARTICLE-NUMBER = {3393},
ISSN = {1996-1073},
DOI = {10.3390/en13133393}
}


@article{
USKOV2019126741,
title = {Fibrous alumina-based Ni-MOx (M = Mg, Cr, Ce) catalysts for propane pre-reforming},
journal = {Materials Letters},
volume = {257},
pages = {126741},
year = {2019},
issn = {0167-577X},
doi = {10.1016/j.matlet.2019.126741},
author = {S.I. Uskov and D.I. Potemkin and N. Kamboj and P.V. Snytnikov and V.P. Pakharukova and L.V. Enikeeva and I.M. Gubaydullin and I. Hussainova},
keywords = {Ni-alumina catalyst, Nanofibers, Liquefied petroleum gas, Pre-reforming, Propane, Nanoparticles, Interfaces},
}

@article
{
  globalizerSystem,
  author    = {Gergel, V.P. and Barkalov, K.A. and Sysoyev, A.V.},
  title     = {A novel supercomputer software system for solving time-consuming global optimization problems},
  journal   = {Numerical Algebra, Control \& Optimization},
  volume    = 8,
  number    = 1,
  year      = 2018,
  pages     = {47-62}
}

@phdthesis
{
  Schlueter2012,
  author="{Schlueter, Martin}",
  title={Nonlinear mixed integer based Optimization Technique for Space Applications},
  school={The University of Birmingham},
  year=2012
}

@article
{
  Gaviano2003,
  author    = {Gaviano, M. and Kvasov, D.E. and Lera, D. and Sergeyev, Ya.D.},
  title     = {Software for generation of classes of test functions with known local and global minima for global optimization},
  journal   = {ACM Transactions on Mathematical Software},
  volume    = 29,
  number    = 4,
  year      = 2003,
  pages     = {469--480}
}

@article
{
  grishaginClass,
  author    = {Grishagin, V.A.},
  title     = {Operating Characteristics of Some Global Search Algorithms},
  journal   = {Problems of Statistical Optimization},
  volume    = 7,
  year      = {1978 (In Russian)},
  pages     = {198--206},
  publisher = {Zinatne},
  address   = {Riga}
}

@article
{
  Storn1997,
  author="Storn, Rainer and Price, Kenneth",
  title="Differential Evolution -- A Simple and Efficient Heuristic for global Optimization over Continuous Spaces",
  journal="Journal of Global Optimization",
  year="1997",
  month="Dec",
  volume="11",
  number="4",
  pages="341--359",
  issn="1573-2916",
}

@article{ SCHLUTER2009,
  title = "Extended ant colony optimization for non-convex mixed integer nonlinear programming",
  journal = "Computers \& Operations Research",
  volume = "36",
  number = "7",
  pages = "2217 - 2229",
  year = "2009",
  issn = "0305-0548",
  author = "Martin Schluter and Jose A. Egea and Julio R. Banga",
}

@book
{
  Strongin2000,
  author    = "{Strongin R.G., Sergeyev Y.D.}",
  title     = {Global optimization with non-convex constraints. Sequential and parallel algorithms},
  publisher = {Kluwer Academic Publishers},
  address   = {Dordrecht},
  year      = 2000
}

@book
{
  Pinter1996,
  author    = {Pinter, J.D.},
  title     = {Global optimization in action (Continuous and Lipschitz Optimization: Algorithms, Implementations and Applications)},
  publisher = {Kluwer Academic Publishers},
  address   = {Dordrecht},
  year      = 1996
}

@book
{
  Pinter2006,
  author    = {Pinter, J.D.},
  title     = {Global Optimization: Scientific and Engineering Case Studies},
  publisher = {Springer},
  address   = {New York},
  year      = 2006
}


@book
{
  Horst1996,
  author    = {Horst, R. and Tuy, H.},
  title     = {Global Optimization -- Deterministic Approaches},
  publisher = {Springer-Verlag},
  address   = {Berlin},
  year      = 1996
}



@article{Evtushenko2013,
  author    = {Evtushenko, Y. and Posypkin, M.},
  title     = {A deterministic approach to global box-constrained optimization},
  journal   = {Optim. Lett.},
  volume    = 7,
  year      = 2013,
  pages     = {819--829}
}

@InProceedings
{
  Jones2009,
  author    = "{Jones, D.R.}",
  title     = {The \uppercase{DIRECT} global optimization algorithm},
  booktitle = {The Encyclopedia of Optimization},
  pages     = {725--735},
  year      = {2009},
  publisher = {Springer, Heidelberg},
}

@article
{
  Paulavicius2011,
  author={Paulavi{\v c}ius, R. and {\v Z}ilinskas, J. and Grothey, A.},
  title={Parallel branch and bound for global optimization with combination of Lipschitz bounds},
  journal={Optim. Method. Softw.},
  year={2011},
  volume={26},
  number={3},
  pages={487-498},
}

@INPROCEEDINGS{KennedyEberhart1995,
  author={J. Kennedy and R. Eberhart},
  booktitle={Proceedings of ICNN'95 - International Conference on Neural Networks},
  title={Particle swarm optimization},
  year={1995},
  volume={4},
  number={},
  pages={1942-1948 vol.4},
  month={Nov},
}

@Article{Beiranvand2017,
author="Beiranvand, Vahid and Hare, Warren and Lucet, Yves",
title="Best practices for comparing optimization algorithms",
journal="Optimization and Engineering",
year="2017",
month="Dec",
volume="18",
number="4",
pages="815--848",
}
@article{JSSv060i06,
   author = {Katharine Mullen},
   title = {Continuous Global Optimization in R},
   journal = {Journal of Statistical Software, Articles},
   volume = {60},
   number = {6},
   year = {2014},
   pages = {1--45},
}
@Article{Ali2005,
author="Ali, M. Montaz and Khompatraporn, Charoenchai and Zabinsky, Zelda B.",
title="A Numerical Evaluation of Several Stochastic Algorithms on Selected Continuous Global Optimization Test Problems",
journal="Journal of Global Optimization",
year="2005",
month="Apr",
day="01",
volume="31",
number="4",
pages="635--672",
}

@article{posik2012,
author = {Pošík, Petr and Huyer, Waltraud and Pál, László},
title = {A Comparison of Global Search Algorithms for Continuous Black Box Optimization},
journal = {Evolutionary Computation},
volume = {20},
number = {4},
pages = {509-541},
year = {2012},
}

@article{Kvasov2018,
title = "Metaheuristic vs. deterministic global optimization algorithms: The univariate case",
journal = "Appl. Math. Comput.",
volume = "318",
pages = "245 - 259",
year = "2018",
author = "Kvasov, D.E. and Mukhametzhanov, M.S.",
}

@article{Liberti2005,
title = "Comparison of deterministic and stochastic approaches to global optimization",
journal = "International Transactions in Operational Research",
volume = "12",
pages = "263 - 285",
year = "2005",
author = "Liberti, Leo and Kucherenko, Sergei",
}

@book
{
  Sergeyev2013,
  author    = "{Sergeyev, Y.D. and Strongin, R.G. and Lera, D.}",
  title     = {Introduction to global optimization exploiting space-filling curves},
  publisher = {Springer Briefs in Optimization},
  address   = {Springer, New York},
  year      = 2013
}

@article
{
  Gergel2009,
  author    = "{Strongin, R.G., Gergel, V.P., Barkalov, K.A.}",
  title     = {Parallel methods for global optimization problem solving},
  journal   = {Journal of instrument engineering},
  volume    = 52,
  year      = "2009 (In Russian)",
  pages     = {25--33}
}

@book
{
  strongin1978,
  author    = {Strongin, R.G.},
  title     = {Numerical Methods in Multiextremal Problems (Information-StatisticalAlgorithms)},
  publisher = {Moscow: Nauka (In Russian)},
  year      = 1978
}

@Article{Price1983,
author="Price, W. L.",
title="Global optimization by controlled random search",
journal="Journal of Optimization Theory and Applications",
year="1983",
month="Jul",
day="01",
volume="40",
number="3",
pages="333--348",
}

@article
{
  Gablonsky2001,
  author    = {Gablonsky, J.M. and Kelley, C.T.},
  title     = {A locally-biased form of the \uppercase{DIRECT} algorithm},
  journal   = {J. Glob. Optim.},
  volume    = 21,
  number    = 1,
  year      = 2001,
  pages     = {27--37}
}

@Article{Madsen1998,
author="Madsen, Kaj and Zertchaninov, Serguei",
title="A New Branch-and-Bound Method for Global Optimization",
year="1998",
}

@article{Kan1987StochasticGO,
  title={Stochastic global optimization methods part II: Multi level methods},
  author={Alexander H. G. Rinnooy Kan and G. T. Timmer},
  journal={Math. Program.},
  year={1987},
  volume={39},
  pages={57-78}
}

@article{XIANG1997216,
title = "Generalized simulated annealing algorithm and its application to the Thomson model",
journal = "Physics Letters A",
volume = "233",
number = "3",
pages = "216 - 220",
year = "1997",
author = "Y Xiang and D.Y Sun and W Fan and X.G Gong",
}

@ARTICLE{indexMethod,
   author       = "{Markin, D.L., Strongin, R.G.}",
   title        = "A method for solving multi-extremal problems with non-convex constraints, that uses a priori information about estimates of the optimum",
   year         = "1987",
   journal      = "Comp. Math. Math. Phys.",
   volume       = "27(1)",
   pages        = "33--39"
}

@Misc{scipy,
  author =    {Eric Jones and Travis Oliphant and Pearu Peterson and others},
  title =     {{SciPy}: Open source scientific tools for {Python}},
  year =      {2001--},
  url = "http://www.scipy.org/",
  note = {[Online; accessed <24.12.2018>]}
}

@Misc{nlopt,
  author =    {Steven G. Johnson},
  title =     {The NLopt nonlinear-optimization package},
  url = "http://ab-initio.mit.edu/nlopt",
  note = {[Online; accessed <24.12.2018>]}
}

@article{Sergeyev2010,
author = "{Lera, D., Sergeyev, Ya.D.}",
title = {An information global minimization algorithm using the local improvement technique},
journal = {J. Glob. Optim.},
volume = {48},
number = {1},
pages = {99-112},
year = {2010},
}

@article{Sergeyev2006,
author = {Sergeyev, Y.D. and Kvasov, D.E.},
title = {Global Search Based on Efficient Diagonal Partitions and a Set of \uppercase{L}ipschitz Constants},
journal = {SIAM J. Optim.},
volume = {16},
number = {3},
pages = {910-937},
year = {2006},
}

@article{Strongin2018,
author={Strongin, R.G. and Gergel, V.P. and Barkalov, K.A. and Sysoyev, A.V.},
title={Generalized Parallel Computational Schemes for Time-Consuming Global Optimization},
journal={Lobachevskii Journal of Mathematics},
year={2018},
volume={39},
number={4},
pages={576-586}
}

@article{Gergel2017,
title = "Accelerating Parallel Multicriterial Optimization Methods Based on Intensive Using of Search Information",
journal = "Procedia Computer Science",
volume = "108",
pages = "1463 - 1472",
year = "2017",
note = "International Conference on Computational Science, ICCS 2017, 12-14 June 2017, Zurich, Switzerland",
author = "V.P. Gergel and E.A. Kozinov",
}

@Article{Gergel2018,
author="Gergel, V. and Kozinov, E.",
title="Efficient multicriterial optimization based on intensive reuse of search information",
journal="J. Glob. Optim.",
year="2018",
month="May",
day="01",
volume="71",
number="1",
pages="73-90",
}

@article{Sovrasov2018,
title = "Comparison of dimensionality reduction schemes for derivative-free global optimization algorithms",
journal = "Procedia Computer Science",
volume = "136",
pages = "136 - 143",
year = "2018",
note = "7th International Young Scientists Conference on Computational Science, YSC2018, 02-06 July2018, Heraklion, Greece",
author = "Vladislav Sovrasov",
}

@article{Barkalov2019,
title = {Comparison of dimensionality reduction schemes for parallel global optimization algorithms},
journal = {Communications in Computer and Information Science},
volume = {965},
pages = {50-62},
year = {2019},
author = {Barkalov, K. and Lebedev, I. and Sovrasov, V.},
}

@article{Barkalov2016,
title = {Solving multidimensional global optimization problems using graphics accelerators},
journal = {Communications in Computer and Information Science},
volume = {687},
pages = {224-235},
year = {2016},
author = {Barkalov, K. and Lebedev, I.},
}


@article{Grishagin2016,
author={Gergel, V. and Grishagin, V. and Gergel, A.},
title={Adaptive nested optimization scheme for multidimensional global search},
journal={J. Glob. Optim.},
year={2016},
volume={66},
number={1},
pages={35-51},
}

@article{Barkalov2020,
title = {Adaptive Global Optimization Based on Nested Dimensionality Reduction},
journal = {Adv. Intel. Syst. Comput.},
volume = {991},
pages = {48-57},
year = {2020},
author = {Barkalov, K. and Lebedev, I.},
}

@article{Grishagin2018,
title = {Convergence conditions and numerical comparison of global optimization methods based on dimensionality reduction schemes},
journal = {Appl. Math. Comput.},
volume = {318},
pages = {270-280},
year = {2018},
author = {Grishagin, V. and Israfilov, R. and Sergeyev, Ya.D.},
}

@article{Grishagin2016_1,
title = {Comparative efficiency of dimensionality reduction schemes in global optimization},
journal = {AIP Conference Proceedings},
volume = {1776},
pages = {060011},
year = {2016},
author = {Grishagin, V. and Israfilov, R. and Sergeyev, Ya.D.}
}

@INPROCEEDINGS{Barkalov2014,
  author={Barkalov, K.A. and Gergel, V.P.},
  booktitle={OPT-i 2014 -- 1st International Conference on Engineering and Applied Sciences Optimization, Proceedings},
  title={Multilevel scheme of dimensionality reduction for parallel global search algorithms},
  year={2014},
  pages={2111-2124}
}

@article{Grishagin2015,
title = {Local tuning in nested scheme of global optimization},
journal = {Procedia Computer Science},
volume = {51},
number = {1},
pages = {865-874},
year = {2015},
author = {Gergel, V. and Grishagin, V. and Israfilov, R.}
}

@article{Grishagin2001,
title = {Parallel Asynchronous Global Search and the Nested Optimization Scheme},
journal = {J. Comput. Anal. Appl.},
volume = {3},
number = {2},
pages = {123-145},
year = {2001},
author = {Sergeyev, Ya.D. and Grishagin, V.A.}
}

@article{Sergeyev2018,
title = "On the efficiency of nature-inspired metaheuristics in expensive global optimization with limited budget",
journal = "Sci. Rep.",
volume = "8",
number = "1",
pages = "435",
year = "2018",
author = "Sergeyev, Y.D. and Kvasov, D.E. and Mukhametzhanov, M.S."
}

@book{Yang2013,
  author    = {Yang, X.-S.},
  year      = {2008},
  isbn      = {1905986106, 9781905986101},
  publisher = {Luniver Press},	
  title     = {Nature-inspired metaheuristic algorithms},
  address   = {Frome},
}

@article{Zilinskas2010,
  author    = {Paulavi{\v c}ius, R. and {\v Z}ilinskas, J. and Grothey, A.},
  title     = {Investigation of selection strategies in branch and bound algorithm with simplicial partitions and combination of \uppercase{L}ipschitz bounds},
  journal   = {Optim. Lett.},
  volume    = 4,
	number 	  = 2,
  year      = 2010,
  pages     = {173--183}
}


@ARTICLE{Paulavicius2016,
author			= {Paulavi{\v c}ius, R. and {\v Z}ilinskas, J.},
title				= {Advantages of simplicial partitioning for \uppercase{L}ipschitz optimization problems with linear constraints},
journal			= {Optim. Lett.},
year				= {2016},
volume			= {10},
number			= {2},
pages				= {237-246}
}

@ARTICLE{Paulavicius2014,
author			= {Paulavi{\v c}ius, R. and Sergeyev, Y.D. and Kvasov, D.E. and {\v Z}ilinskas, J.},
title				= {Globally-biased \uppercase{DISIMPL} algorithm for expensive global optimization},
journal			= {J. Glob. Optim.},
year				= {2014},
volume			= {59},
number			= {2-3},
pages				= {545-567}
}

@ARTICLE{Sergeyev2015,
author			= {Sergeyev, Y.D. and Kvasov, D.E.},
title				= {A deterministic global optimization using smooth diagonal auxiliary functions},
journal			= {Commun. Nonlinear. Sci. Numer. Simulat.},
year				= {2015},
volume			= {21},
number			= {1-3},
pages				= {99-111}
}

@book{Zhigljavsky2008,
  author    = {Zhigljavsky, A.A. and {\v Z}ilinskas, A.},
  year      = {2008},
  publisher = {Springer},	
  title     = {Stochastic Global Optimization},
  address   = {New York}
}

@book{Carr1964,
  author    = {Carr, C.R. and Howe, C.W.},
  year      = {1964},
  publisher = {McGraw-Hill},	
  title     = {Quantitative Decision Procedures in Management and Economic: Deterministic Theory and Applications},
  address   = {New York}
}

@ARTICLE{Grishagin1994,
author			= {Sergeyev, Ya.D. and Grishagin, V.A.},
title				= {Sequential and parallel algorithms for global optimization},
journal			= {Optim. Method. Softw.},
year				= {1994},
volume			= {3},
number			=	{1-3},
pages				=	{111-124},
}


@ARTICLE{Grishagin1997,
author			= {Grishagin, V.A. and Sergeyev, Y.D. and Strongin, R.G.},
title				= {Parallel characteristical algorithms for solving problems of global optimization },
journal			= {J. Glob. Optim.},
year				= {1997},
volume			= {10},
number			=	{2},
pages				=	{185-206},
}

@ARTICLE{Barkalov2015,
author			= {Barkalov, K. and Gergel, V. and Lebedev, I.},
title				= {Use of \uppercase{X}eon \uppercase{P}hi Coprocessor for Solving Global Optimization Problems},
journal			= {Lecture Notes in Computer Science},
year				= {2015},
volume			= {9251},
pages				=	{307-318},
}

@ARTICLE{Sergeyev2016,
author="{Sergeyev, Y.D., Mukhametzhanov, M.S., Kvasov, D.E., Lera, D.}",
title={Derivative-Free Local Tuning and Local Improvement Techniques Embedded in the Univariate Global Optimization},
journal={J. Optim. Theory Appl.},
year={2016},
volume={171},
number={1},
pages={186-208}
}

@ARTICLE{Jones1993,
author={Jones, D.R. and Perttunen, C.D. and Stuckman, B.E.},
title={Lipschitzian optimization without the \uppercase{L}ipschitz constant},
journal={J. Optim. Theory Appl.},
year={1993},
volume={79},
number={1},
pages={157-181}
}

@ARTICLE{Barkalov2018,
author={Barkalov, K. and Strongin, R.},
title={Solving a set of global optimization problems by the parallel technique with uniform convergence},
journal={J. Glob. Optim.},
year={2018},
volume={71},
number={1},
pages={21-36}
}

@ARTICLE{Kvasov2003,
author="{Kvasov, D.E., Pizzuti, C., Sergeyev, Y.D.}",
title={Local tuning and partition strategies for diagonal \uppercase{GO} methods},
journal={Numer. Math.},
year={2003},
volume={94},
number={1},
pages={93-106}
}

@ARTICLE{Zilinskas2008,
author={ {\v Z}ilinskas, J.},
title={Branch and bound with simplicial partitions for global optimization},
journal={Math. Model. Anal.},
year={2008},
volume={13},
number={1},
pages={145-159}
}

@article{Gergel2016,
author = {Barkalov, K. and Gergel, V. and Lebedev, I. },
title = {Solving global optimization problems on \uppercase{GPU} cluster},
journal = {AIP Conference Proceedings},
volume = {1738},
art_number = {400006},
year = {2016}
}

@ARTICLE{Gergel2003,
author			= {Gergel, V.P. and Strongin, R.G. },
title				= {Parallel Computing for Globally Optimal Decision Making},
journal			= {Lecture Notes in Computer Science},
year				= {2003},
volume			= {2763},
pages				=	{76-88}
}

@ARTICLE{HookJeeves,
author = {Hooke, R. and Jeeves, T.A.},
title = {``\uppercase{D}irect Search'' Solution of Numerical and Statistical Problems},
journal = {J. ACM},
volume = {8},
number = {2},
year = {1961},
pages = {212-229},
numpages = {18}
}

@ARTICLE{Sulimov,
author = {Kutov, D.C. and Sulimov, A.V. and Sulimov, V.B.},
title = {Supercomputer docking: investigation of low energy minima of protein-ligand complexes},
journal = {Supercomputing Frontiers and Innovations},
volume = {5},
number = {3},
pages = {134-137},
year = {2018}
}

@Article{Evtushenko2009,
author= {Evtushenko, Yu.G. and Malkova, V.U. and Stanevichyus, A. A.},
title={Parallel global optimization of functions of several variables},
journal={Comput. Math. Math. Phys.},
year={2009},
volume={49},
number={2},
pages={246-260}
}

@article{Akhmadullina2017,
author = "Akhmadullina, L.F. and Enikeeva, L.V. and Gubaydullin, I.M.",
title = "Numerical methods for reaction kinetics parameters: identification of low-temperature propane conversion in the presence of methane",
journal = "Procedia Engineering",
volume = "201",
pages = "612-616",
year = "2017"
}

@article{Nurislamova2016,
author="Nurislamova, L.F. and Gubaydullin, I.M. and Koledina, K.F. and Safin, R.R.",
title="Kinetic model of the catalytic hydroalumination of olefins with organoaluminum compounds",
journal="Reaction Kinetics, Mechanisms and Catalysis",
year="2016",
volume="117",
number="1",
pages="1--14"
}

@article{Posypkin2014,
author={Abgaryan, K.K. and Posypkin, M.A.},
title={Optimization methods as applied to parametric identification of interatomic potentials},
journal={Comput. Math. Math. Phys.},
year=2014,
volume=54,
number=12,
pages={1929-1935}
}

@article{vanDam2010,
author="van Dam, E.R. and Husslage, B. and den Hertog, D.",
title="One-dimensional nested maximin designs",
journal="J. Glob. Optim.",
year="2010",
volume="46",
number="2",
pages="287--306",
}

@article{NelderMead,
author={Nelder, J.A. and  Mead, R.},
title={A Simplex Method for Function Minimization},
journal={Computer Journal},
year=1965,
volume=7,
number=4,
pages={308-313}
}

@ARTICLE{Sysoyev2017,
author={Sysoyev, A. and Barkalov, K. and Sovrasov, V. and Lebedev, I. and Gergel, V.},
title={Globalizer – A parallel software system for solving global optimization problems},
journal={Lecture Notes in Computer Science},
year={2017},
volume={10421},
pages={492-499}
}

@ARTICLE{Kalyulin2017,
author={Kalyulin, S.L. and Shavrina, E.V. and Modorskii, V.Y. and Barkalov, K.A. and Gergel, V.P.},
title={Optimization of Drop Characteristics in a Carrier Cooled Gas Stream Using \uppercase{ANSYS} and \uppercase{G}lobalizer Software Systems on the \uppercase{PNRPU} High-Performance Cluster},
journal={Communications in Computer and Information Science},
year={2017},
volume={753},
pages={331-345}
}

@article{Modorskii2016,
author={Modorskii, V.Y. and Gaynutdinova, D.F. and Gergel, V.P. and Barkalov, K.A.},
title={Optimization in design of scientific products for purposes of cavitation problems},
journal={AIP Conference Proceedings},
year={2016},
volume={1738},
art_number={400013},
doi = {10.1063/1.4952201}
}

@article{
	Sovrasov2019,
	author	= {Sovrasov, V.},
	title	= {Comparison of several stochastic and deterministic derivative-free global optimization algorithms},
	journal	= {Lecture Notes in Computer Science},
	year	= {2019},
	volume	= {11548},
	pages	= {70-81}
}

@ARTICLE{Ferreiro2013,
author={Ferreiro, A.M. and Garcia, J.A. and Lopez-Salas, J.G. and Vazquez, C.},
title={An efficient implementation of parallel simulated annealing algorithm in \uppercase{GPU}s},
journal={J. Glob. Optim.},
year={2013},
volume={57},
number={3},
pages={863-890}
}

@ARTICLE{Garcia2014,
author={Garcia-Martinez, J.M. and Garzon, E.M. and Ortigosa, P.M.},
title={A \uppercase{GPU} implementation of a hybrid evolutionary algorithm: \uppercase{GP}u\uppercase{EGO}},
journal={J. Supercomput.},
year={2014},
volume={70},
number={2},
pages={684-695}
}

@ARTICLE{Langdon2011,
author={Langdon, W.B.},
title={Graphics processing units and genetic programming: an overview},
journal={Soft computing},
year={2011},
volume={15},
number={8},
pages={1657-1669}
}

@book{Hwu2011,
  author    = {Hwu, W.},
  year      = {2011},
  publisher = {Morgan Kaufmann},	
  title     = {GPU Computing Gems: Emerald Edition },
  address   = {San Francisco}
}

@ARTICLE{He2008,
author={He, J. and Verstak, A. and Watson, L.T. and Sosonkina, M.},
title={Design and implementation of a massively parallel version of \uppercase{DIRECT}},
journal={Comput. Optim. Appl.},
year={2008},
volume={40},
number={2},
pages={217-245}
}

@book{Kindratenko2014,
  editor    = {Kindratenko, V.},
  year      = {2014},
  publisher = {Springer},	
  title     = {Numerical computations with GPUs},
  address   = {New York}
}

	
@ARTICLE{Strongin1992,
author={Strongin, R.G.},
title={Algorithms for multiextremal mathematical programming problems employing the set of joint space-filling curves},
journal={J. Glob. Optim.},
year={1992},
volume={2},
pages={357-378}
}


@book{Gendreau2010,
  author    = {Gendreau, M. and Potvin, J.-Y.},
  year      = {2010},
  publisher = {Springer},	
  title     = {Handbook of Metaheuristics},
  address   = {Boston}
}

@book{Eiben2015,
  author    = {Eiben, A.E. and Smith,J.E.},
  year      = {2015},
  publisher = {Springer},	
  title     = {Introduction to Evolutionary Computing},
  address   = {Berlin}
}

@ARTICLE{Piyavskii1972,
   author       = {Piyavskii, S.A.},
   title        = {An Algorithm for Finding the Absolute Extremum of a Function},
   year         = {1972},
   journal      = {Comp. Math. Math. Phys.},
   volume       = {12(4)},
   pages        = {57-67}
}

@ARTICLE{Shubert1972,
   author       = {Shubert, B.O.},
   title        = {A Sequential Method Seeking the Global Maximum of a Function},
   year         = {1972},
   journal      = {SIAM J. Numer. Anal.},
   volume       = {9},
   pages        = {379-388}
}

@ARTICLE{Barkalov2010,
author={Barkalov, K. and Ryabov, V. and Sidorov, S.},
title={Parallel scalable algorithms with mixed local-global strategy for global optimization problems},
journal={Lecture Notes in Computer Science},
year={2010},
volume={6083},
pages={232-240},
doi={10.1007/978-3-642-14822-4_26}
}

@ARTICLE{Strongin2020,
author={Strongin, R. and Barkalov, K. and Bevzuk, S.},
title={Global optimization method with dual Lipschitz constant estimates for problems with non-convex constraints},
journal={Soft Computing},
year={2020},
volume={24},
number={16},
pages={11853-11865},
doi={10.1007/s00500-020-05078-1}
}

@ARTICLE{Issa1986_1,
author={Issa, R.I. and Gosman, A.D. and Watkins, A.P.},
title={The computation of compressible and incompressible recirculating flows by a non-iterative implicit scheme},
journal={Journal of Computational Physics},
year={1986},
volume={62},
number={1},
pages={66-82},
doi={10.1016/0021-9991(86)90100-2}
}

@ARTICLE{Issa1986_2,
author={Issa, R.I.},
title={Solution of the implicitly discretised fluid flow equations by operator-splitting},
journal={Journal of Computational Physics},
year={1986},
volume={62},
number={1},
pages={40-65},
doi={10.1016/0021-9991(86)90099-9}
}

@book{OpenFOAM,
  author    = {Moukalled, F. and Mangani, L. and Darwish M.},
  year      = {2016},
  publisher = {Springer},	
  title     = {The Finite Volume Method in Computational Fluid Dynamics: An Advanced Introduction with OpenFOAM{\textregistered} and Matlab},
	doi       = {10.1007/978-3-319-16874-6}
}

@ARTICLE{UniHub,
author={Samovarov, O.I. and  Gaysaryan, S.S.},
title={The web-laboratory architecture based on the cloud and the UniHUB implementation as an extension of the OpenStack platform},
journal={Proceedings of the Institute for System Programming of the RAS},
year={2014},
volume={26},
number={1},
pages={403-420},
doi={10.15514/ISPRAS-2014-26(1)-17}
}

@article{Paulavicius2020,
author = {Paulavi{\v c}ius, R. and Sergeyev, Y.D. and Kvasov, D.E. and {\v Z}ilinskas, J.},
title = {Globally-biased BIRECT algorithm with local accelerators for expensive global optimization},
journal = {Expert Syst. Appl.},
volume = {144},
pages = {113052},
year = {2020},
doi = {10.1016/j.eswa.2019.113052},
}

@article{Sergeyev2021,
author = {Sergeyev, Y.D. and Nasso, M.C. and Mukhametzhanov, M.S. and Kvasov, D.E.},
title = {Novel local tuning techniques for speeding up one-dimensional algorithms in expensive global optimization using Lipschitz derivatives},
journal = {J. Comput. Appl. Math.},
volume = {383},
pages = {113134},
year = {2021},
doi = {https://doi.org/10.1016/j.cam.2020.113134},
}


@CONFERENCE{Grishagin2015,
author={Grishagin, V. and Israfilov, R.},
title={Multidimensional constrained global optimization in domains with computable boundaries},
journal={CEUR Workshop Proceedings},
year={2015},
volume={1513},
pages={75-84},
}

@ARTICLE{Sergeyev1999,
author={Sergeyev, Y.D. and Daponte, P. and Grimaldi, D. and Molinaro, A.},
title={Two methods for solving optimization problems arising in electronic measurements and electrical engineering},
journal={SIAM Journal on Optimization},
year={1999},
volume={10},
number={1},
pages={1-21},
doi={10.1137/S1052623496312393}
}

@ARTICLE{Kvasov2013,
author={Kvasov, D.E. and Sergeyev, Y.D.},
title={Lipschitz global optimization methods in control problems},
journal={Automation and Remote Control},
year={2013},
volume={74},
number={9},
pages={1435-1448},
doi={10.1134/S0005117913090014}
}

@ARTICLE{Lera2021,
author={Lera, D. and Posypkin, M. and Sergeyev, Y.D.},
title={Space-filling curves for numerical approximation and visualization of solutions to systems of nonlinear inequalities with applications in robotics},
journal={Applied Mathematics and Computation},
year={2021},
volume={390},
doi={10.1016/j.amc.2020.125660},
art_number={125660}
}

@ARTICLE{Sergeyev1998,
author={Sergeyev, Y.D.},
title={On convergence of "divide the best" global optimization algorithms},
journal={Optimization},
year={1998},
volume={44},
number={3},
pages={303-325},
doi={10.1080/02331939808844414}
}

@BOOK
{
  Sergeyev2017,
  author    = {Sergeyev, Y.D. and Kvasov, D.E.},
  title     = {Deterministic Global Optimization: An Introduction to the Diagonal Approach},
  publisher = {Springer},
  address   = {New York},
  year      = 2017
}

@BOOK
{
  Zilinskas2014,
  author    = {Paulavi{\v c}ius, R. and {\v Z}ilinskas, J.},
  title     = {Simplicial Global Optimization},
  publisher = {Springer},
  address   = {New York},
  year      = 2014
}

@ARTICLE{Regis2005,
author={Regis, R.G. and Shoemaker, C.A.},
title={Constrained global optimization of expensive black box functions using radial basis functions},
journal={Journal of Global Optimization},
year={2005},
volume={31},
number={1},
pages={153-171},
doi={10.1007/s10898-004-0570-0}
}

@ARTICLE{Gutmann2001,
author={Gutmann, H.-M.},
title={A Radial Basis Function Method for Global Optimization},
journal={Journal of Global Optimization},
year={2001},
volume={19},
number={3},
pages={201-227},
doi={10.1023/A:1011255519438}
}

@ARTICLE{UrRehman2014,
author={Ur Rehman, S. and Langelaar, M. and van Keulen, F.},
title={Efficient Kriging-based robust optimization of unconstrained problems},
journal={Journal of Computational Science},
year={2014},
volume={5},
number={6},
pages={872-881},
doi={10.1016/j.jocs.2014.04.005}
}

@ARTICLE{Polynkin2012,
author={Polynkin, A. and Toropov, V.V.},
title={Mid-range metamodel assembly building based on linear regression for large scale optimization problems},
journal={Structural and Multidisciplinary Optimization},
year={2012},
volume={45},
number={4},
pages={515-527},
doi={10.1007/s00158-011-0692-1}
}

@ARTICLE{Korolev2015,
author={Korolev, Yu.M. and Toropov, V.V.},
title={The multipoint approximation method as a parallel optimisation framework for problems with computationally expensive responses},
journal={Civil-Comp Proceedings},
year={2015},
volume={107},
url={https://www.scopus.com/inward/record.uri?eid=2-s2.0-84971656614&partnerID=40&md5=541804cb93242f00f9da99808042dd2a},
}

@ARTICLE{Ollar2017_2,
author={Ollar, J. and Toropov, V. and Jones, R.},
title={Sub-space approximations for MDO problems with disparate disciplinary variable dependence},
journal={Structural and Multidisciplinary Optimization},
year={2017},
volume={55},
number={1},
pages={279-288},
doi={10.1007/s00158-016-1496-0}
}

@ARTICLE{Toropov2018,
author={Gergel, V.P. and Barkalov, K.A. and Kozinov, E.A. and Toropov, V.V.},
title={Parallel multipoint approximation method for large-scale optimization problems},
journal={Communications in Computer and Information Science},
year={2018},
volume={910},
pages={174-185},
doi={10.1007/978-3-319-99673-8_13}
}

@ARTICLE{Ollar2017_1,
author={Ollar, J. and Mortished, C. and Jones, R. and Sienz, J. and Toropov, V.},
title={Gradient based hyper-parameter optimisation for well conditioned kriging metamodels},
journal={Structural and Multidisciplinary Optimization},
year={2017},
volume={55},
number={6},
pages={2029-2044},
doi={10.1007/s00158-016-1626-8}
}

@ARTICLE{Jones1998,
author={Jones, D.R. and Schonlau, M. and Welch, W.J.},
title={Efficient Global Optimization of Expensive Black-Box Functions},
journal={Journal of Global Optimization},
year={1998},
volume={13},
number={4},
pages={455-492},
doi={10.1023/A:1008306431147}
}



